@Misc{GRU,
	howpublished = {[Online]},
	note = {\url{https://zhuanlan.zhihu.com/p/655402066}},
	title = {Gated Recurrent Unit},
	author = {Luke}
	}

@Misc{Permutation,
	howpublished = {[Online]},
	note = {\url{https://christophm.github.io/interpretable-ml-book/feature-importance.html}},
	title = {Permutation Feature Importance},
	author = {Christoph Molnar}
	}

@Misc{Weight,
	howpublished = {[Online]},
	note = {\url{https://blog.csdn.net/fengdu78/article/details/120735471}},
	title = {weight importance},
	author = {JieShao}
	}

@Misc{AHP,
	howpublished = {[Online]},
	note = {\url{https://blog.csdn.net/limiyudianzi/article/details/103389880}},
	title = {weight importance},
	author = {Liu-Kevin}
	}
