@article{Alice13,
    title = {Demostration of bibliography items},
    author = {Alice Axford and Bob Birkin and Charlie Copper and Danny Dannford},
    year = {2013},
    month = {Mar},
    journal = {Journal of \TeX perts},
    volume = {36},
    number = {7},
    pages = {114-120}}

@article{Alice14,
    title = {Demostration of bibliography items},
    author = {Alice Axford and Bob Birkin and Charlie Copper and Danny Dannford},
    year = {2013},
    month = {Mar},
    journal = {Journal of \TeX perts},
    volume = {36},
    number = {7},
    pages = {114-120}}
